<record><leader>00000cas a22000007a 4500</leader><controlfield tag="001">18822470</controlfield><controlfield tag="008">881130d19321933idudn ne      0    0eng d</controlfield><datafield ind1=" " ind2=" " tag="010"><subfield code="a">sn 88056123 </subfield></datafield><datafield ind1=" " ind2=" " tag="040"><subfield code="a">NVB</subfield><subfield code="b">eng</subfield><subfield code="c">NVB</subfield><subfield code="d">OCLCQ</subfield><subfield code="d">OCLCF</subfield><subfield code="d">OCLCO</subfield></datafield><datafield ind1=" " ind2=" " tag="042"><subfield code="a">msc</subfield></datafield><datafield ind1=" " ind2=" " tag="043"><subfield code="a">n-us-id</subfield></datafield><datafield ind1="0" ind2=" " tag="130"><subfield code="a">Kootenai Valley sentinel and the Bonners Ferry times (Bonners Ferry, Idaho : 1932)</subfield></datafield><datafield ind1="1" ind2="0" tag="245"><subfield code="a">Kootenai Valley sentinel and the Bonners Ferry times.</subfield></datafield><datafield ind1="1" ind2="3" tag="246"><subfield code="a">Kootenai Valley sentinel</subfield></datafield><datafield ind1=" " ind2=" " tag="260"><subfield code="a">Bonners Ferry, Idaho :</subfield><subfield code="b">Sentinel Pub. Co.</subfield></datafield><datafield ind1=" " ind2=" " tag="300"><subfield code="a">v.</subfield></datafield><datafield ind1=" " ind2=" " tag="310"><subfield code="a">Daily (except Sun.)</subfield></datafield><datafield ind1="1" ind2=" " tag="362"><subfield code="a">Began in 1932; ceased in 1933?</subfield></datafield><datafield ind1=" " ind2=" " tag="500"><subfield code="a">Published as: Kootenai Valley sentinel, &lt;Aug. 30-Oct. 20, 1933&gt;.</subfield></datafield><datafield ind1=" " ind2=" " tag="588"><subfield code="a">Description based on: Vol. 2, no. 21 (May 29, 1933); title from publishers block.</subfield></datafield><datafield ind1=" " ind2="0" tag="651"><subfield code="a">Bonners Ferry (Idaho)</subfield><subfield code="v">Newspapers.</subfield></datafield><datafield ind1=" " ind2="7" tag="655"><subfield code="a">Newspapers.</subfield><subfield code="2">fast</subfield><subfield code="0">(OCoLC)fst01423814</subfield></datafield><datafield ind1=" " ind2="7" tag="651"><subfield code="a">Idaho</subfield><subfield code="z">Bonners Ferry.</subfield><subfield code="2">fast</subfield><subfield code="0">(OCoLC)fst01230980</subfield></datafield><datafield ind1=" " ind2=" " tag="752"><subfield code="a">United States</subfield><subfield code="b">Idaho</subfield><subfield code="c">Boundary</subfield><subfield code="d">Bonners Ferry.</subfield></datafield><datafield ind1="0" ind2="4" tag="780"><subfield code="t">Bonners Ferry times.</subfield></datafield><datafield ind1="0" ind2="4" tag="780"><subfield code="t">Kootenai Valley sentinel.</subfield></datafield><datafield ind1="0" ind2="0" tag="785"><subfield code="t">Kootenai Valley daily sentinel and the Bonners Ferry times</subfield><subfield code="w">(DLC)sn 88056122</subfield></datafield></record>